% Encoding: UTF-8

%%%
%
%Beim Erstellen der Bibtex-Datei wird empfohlen darauf zu achten, dass die DOI aufgeführt wird.
%
%%%

%@Book{WSPA,
%  author    = {Sanjiva Weerawarana and Francisco Curbera and Frank Leymann and Tony Storey and Donald F. Ferguson},
%  title     = {Web Services Platform Architecture : SOAP, WSDL, WS-Policy, WS-Addressing, WS-BPEL, WS-Reliable Messaging, and More},
%  year      = {2005},
%  publisher = {Prentice Hall PTR},
%  isbn      = {0131488740},
%  doi       = {10.1.1/jpb001},
%}
%
%
%% !! DO NOT USE `label =   {ASF}` in other Misc entries !!
%
%@Misc{ApacheODE,
%  author = {{The Apache Software Foundation}},
%  title =  {Apache ODE\texttrademark{} -- The Orchestration Director Engine},
%  year =   {2016},
%  label =  {ASF},
%  url =    {http://ode.apache.org}
%}
%
%@Article{RVvdA2016,
%  author =    {H.A. Reijers and I. Vanderfeesten and W.M.P. van der Aalst},
%  title =     {The effectiveness of workflow management systems: A longitudinal study},
%  journal =   {International Journal of Information Management},
%  year =      {2016},
%  volume =    {36},
%  number =    {1},
%  pages =     {126--141},
%  month =     feb,
%  doi =       {10.1016/j.ijinfomgt.2015.08.003},
%  publisher = {Elsevier {BV}}
%}
%
%@Book{Duden2001,
%  author    = {Duden},
%  title     = {Die Deutsche Rechtschreibung},
%  year      = {2001},
%  edition   = {22., völlig neu bearbeitete und erweiterte Auflage},
%  note      = {Aktualisierter Nachdruck},
%  publisher = {Dudenverlag},
%  isbn      = {3-411-04012-2},
%}

@inproceedings{Fritzsch_2019,
  doi = {10.1109/icsme.2019.00081},
  url = {https://doi.org/10.1109%2Ficsme.2019.00081},
  year = 2019,
  month = {sep},
  publisher = {{IEEE}},
  author = {Jonas Fritzsch and Justus Bogner and Stefan Wagner and Alfred Zimmermann},
  title = {Microservices Migration in Industry: Intentions, Strategies, and Challenges},
  booktitle = {2019 {IEEE} International Conference on Software Maintenance and Evolution ({ICSME})}
}

@misc{fritzsch2022architecturecentric,
  title={Towards an Architecture-centric Methodology for Migrating to Microservices},
  author={Jonas Fritzsch and Justus Bogner and Markus Haug and Stefan Wagner and Alfred Zimmermann},
  year={2022},
  eprint={2207.00507},
  archivePrefix={arXiv},
  primaryClass={cs.SE}
}


@Comment{jabref-meta: databaseType:biblatex;}
